@misc{key,
  author       = {},
  title        = {参考文献},
  titleaddon   = {文系のマカーにも「使える」LaTeX},
  howpublished = {\url{http://ideas.paunix.org/latex/latex_6_bib.htm#author}},
  year         = {2002},
  note         = {(Accessed on 2021/05/02)}
}

@book{Sato2021,
  author    = {{佐藤太郎, 鈴木二郎}},
  editor    = {田中三郎},
  title     = {省エネでそこそこイケてるレポートを書きたい},
  publisher = {オレオレ出版},
  year      = {2021},
  note      = {This book info is dummy.}
}

@misc{BiBTeXonline,
  author       = {Masaya Suzuki},
  title        = {{BiBTeXとは - Qiita}},
  howpublished = {\url{https://qiita.com/SUZUKI_Masaya/items/14f9727845e020f8e7e9}},
  month        = {1},
  year         = {2019},
  note         = {(Accessed on 05/02/2021)}
}